@inproceedings{author1:conf1,
 author = {Author1},
 title = {Paper1},
 booktitle = {Conference1},
 year = {2012},
}

@techreport{author2:conf2,
 author = {Author2},
 title = {Paper2},
 address = {Conference2},
 year = {2012},
}

@book{author3,
  title={Paper3},
  author={Author3},
  volume={1},
  number={1},
  year={2013},
  publisher={Press3}
}
